@article{chow:68,
  title={Bayesian optimization for conformer generation},
  author={Chan, Lucian and Hutchison, Geoffrey R and Morris, Garrett M},
  journal={Journal of cheminformatics},
  volume={11},
  number={1},
  pages={1--11},
  year={2019},
  publisher={BioMed Central}
}
@article{pearl:88,
  title={Variational encoding of complex dynamics},
  author={Hern{\'a}ndez, Carlos X and Wayment-Steele, Hannah K and Sultan, Mohammad M and Husic, Brooke E and Pande, Vijay S},
  journal={Physical Review E},
  volume={97},
  number={6},
  pages={062412},
  year={2018},
  publisher={APS}
}